@ARTICLE{2010ApJ...713L..87J,
   author = {{Jenkins}, J.~M. and {Caldwell}, D.~A. and {Chandrasekaran}, H. and
	{Twicken}, J.~D. and {Bryson}, S.~T. and {Quintana}, E.~V. and
	{Clarke}, B.~D. and {Li}, J. and {Allen}, C. and {Tenenbaum}, P. and
	{Wu}, H. and {Klaus}, T.~C. and {Middour}, C.~K. and {Cote}, M.~T. and
	{McCauliff}, S. and {Girouard}, F.~R. and {Gunter}, J.~P. and
	{Wohler}, B. and {Sommers}, J. and {Hall}, J.~R. and {Uddin}, A.~K. and
	{Wu}, M.~S. and {Bhavsar}, P.~A. and {Van Cleve}, J. and {Pletcher}, D.~L. and
	{Dotson}, J.~A. and {Haas}, M.~R. and {Gilliland}, R.~L. and
	{Koch}, D.~G. and {Borucki}, W.~J.},
    title = "{Overview of the Kepler Science Processing Pipeline}",
  journal = {apjl},
archivePrefix = "arXiv",
   eprint = {1001.0258},
 primaryClass = "astro-ph.EP",
 keywords = {methods: data analysis, techniques: photometric},
     year = 2010,
    month = apr,
   volume = 713,
    pages = {L87-L91},
      doi = {10.1088/2041-8205/713/2/L87},
   adsurl = {http://adsabs.harvard.edu/abs/2010ApJ...713L..87J},
  adsnote = {Provided by the SAO/NASA Astrophysics Data System}
}

@ARTICLE{2016Natur.536..437A,
   author = {{Anglada-Escud{\'e}}, G. and {Amado}, P.~J. and {Barnes}, J. and
	{Berdi{\~n}as}, Z.~M. and {Butler}, R.~P. and {Coleman}, G.~A.~L. and
	{de La Cueva}, I. and {Dreizler}, S. and {Endl}, M. and {Giesers}, B. and
	{Jeffers}, S.~V. and {Jenkins}, J.~S. and {Jones}, H.~R.~A. and
	{Kiraga}, M. and {K{\"u}rster}, M. and {L{\'o}pez-Gonz{\'a}lez}, M.~J. and
	{Marvin}, C.~J. and {Morales}, N. and {Morin}, J. and {Nelson}, R.~P. and
	{Ortiz}, J.~L. and {Ofir}, A. and {Paardekooper}, S.-J. and
	{Reiners}, A. and {Rodr{\'{\i}}guez}, E. and {Rodr{\'{\i}}guez-L{\'o}pez}, C. and
	{Sarmiento}, L.~F. and {Strachan}, J.~P. and {Tsapras}, Y. and
	{Tuomi}, M. and {Zechmeister}, M.},
    title = "{A terrestrial planet candidate in a temperate orbit around Proxima Centauri}",
  journal = {nat},
archivePrefix = "arXiv",
   eprint = {1609.03449},
 primaryClass = "astro-ph.EP",
     year = 2016,
    month = aug,
   volume = 536,
    pages = {437-440},
      doi = {10.1038/nature19106},
   adsurl = {http://adsabs.harvard.edu/abs/2016Natur.536..437A},
  adsnote = {Provided by the SAO/NASA Astrophysics Data System}
}

@ARTICLE{2014ApJ...787L..29K,
   author = {{Kopparapu}, R.~K. and {Ramirez}, R.~M. and {SchottelKotte}, J. and
	{Kasting}, J.~F. and {Domagal-Goldman}, S. and {Eymet}, V.},
    title = "{Habitable Zones around Main-sequence Stars: Dependence on Planetary Mass}",
  journal = {apjl},
archivePrefix = "arXiv",
   eprint = {1404.5292},
 primaryClass = "astro-ph.EP",
 keywords = {planets and satellites: atmospheres},
     year = 2014,
    month = jun,
   volume = 787,
      eid = {L29},
    pages = {L29},
      doi = {10.1088/2041-8205/787/2/L29},
   adsurl = {http://adsabs.harvard.edu/abs/2014ApJ...787L..29K},
  adsnote = {Provided by the SAO/NASA Astrophysics Data System}
}

@ARTICLE{2000ApJ...529L..45C,
   author = {{Charbonneau}, D. and {Brown}, T.~M. and {Latham}, D.~W. and
	{Mayor}, M.},
    title = "{Detection of Planetary Transits Across a Sun-like Star}",
  journal = {apjl},
   eprint = {astro-ph/9911436},
 keywords = {STARS: BINARIES: ECLIPSING, STARS: PLANETARY SYSTEMS, STARS: INDIVIDUAL: HENRY DRAPER NUMBER: HD 209458, TECHNIQUES: PHOTOMETRIC, TECHNIQUES: RADIAL VELOCITIES, Stars: Binaries: Eclipsing, Stars: Planetary Systems, Stars: Individual: Henry Draper Number: HD 209458, Techniques: Photometric, Techniques: Radial Velocities},
     year = 2000,
    month = jan,
   volume = 529,
    pages = {L45-L48},
      doi = {10.1086/312457},
   adsurl = {http://adsabs.harvard.edu/abs/2000ApJ...529L..45C},
  adsnote = {Provided by the SAO/NASA Astrophysics Data System}
}

@ARTICLE{2014PNAS..11112647B,
   author = {{Batalha}, N.~M.},
    title = "{Exploring exoplanet populations with NASA's Kepler Mission}",
  journal = {Proceedings of the National Academy of Science},
archivePrefix = "arXiv",
   eprint = {1409.1904},
 primaryClass = "astro-ph.EP",
     year = 2014,
    month = sep,
   volume = 111,
    pages = {12647-12654},
      doi = {10.1073/pnas.1304196111},
   adsurl = {http://adsabs.harvard.edu/abs/2014PNAS..11112647B},
  adsnote = {Provided by the SAO/NASA Astrophysics Data System}
}

@ARTICLE{2014PASP..126..398H,
   author = {{Howell}, S.~B. and {Sobeck}, C. and {Haas}, M. and {Still}, M. and
	{Barclay}, T. and {Mullally}, F. and {Troeltzsch}, J. and {Aigrain}, S. and
	{Bryson}, S.~T. and {Caldwell}, D. and {Chaplin}, W.~J. and
	{Cochran}, W.~D. and {Huber}, D. and {Marcy}, G.~W. and {Miglio}, A. and
	{Najita}, J.~R. and {Smith}, M. and {Twicken}, J.~D. and {Fortney}, J.~J.
	},
    title = "{The K2 Mission: Characterization and Early Results}",
  journal = {pasp},
archivePrefix = "arXiv",
   eprint = {1402.5163},
 primaryClass = "astro-ph.IM",
     year = 2014,
    month = apr,
   volume = 126,
    pages = {398-408},
      doi = {10.1086/676406},
   adsurl = {http://adsabs.harvard.edu/abs/2014PASP..126..398H},
  adsnote = {Provided by the SAO/NASA Astrophysics Data System}
}

@INPROCEEDINGS{2014SPIE.9143E..20R,
   author = {{Ricker}, G.~R. and {Winn}, J.~N. and {Vanderspek}, R. and {Latham}, D.~W. and
	{Bakos}, G.~{\'A}. and {Bean}, J.~L. and {Berta-Thompson}, Z.~K. and
	{Brown}, T.~M. and {Buchhave}, L. and {Butler}, N.~R. and {Butler}, R.~P. and
	{Chaplin}, W.~J. and {Charbonneau}, D. and {Christensen-Dalsgaard}, J. and
	{Clampin}, M. and {Deming}, D. and {Doty}, J. and {De Lee}, N. and
	{Dressing}, C. and {Dunham}, E.~W. and {Endl}, M. and {Fressin}, F. and
	{Ge}, J. and {Henning}, T. and {Holman}, M.~J. and {Howard}, A.~W. and
	{Ida}, S. and {Jenkins}, J. and {Jernigan}, G. and {Johnson}, J.~A. and
	{Kaltenegger}, L. and {Kawai}, N. and {Kjeldsen}, H. and {Laughlin}, G. and
	{Levine}, A.~M. and {Lin}, D. and {Lissauer}, J.~J. and {MacQueen}, P. and
	{Marcy}, G. and {McCullough}, P.~R. and {Morton}, T.~D. and
	{Narita}, N. and {Paegert}, M. and {Palle}, E. and {Pepe}, F. and
	{Pepper}, J. and {Quirrenbach}, A. and {Rinehart}, S.~A. and
	{Sasselov}, D. and {Sato}, B. and {Seager}, S. and {Sozzetti}, A. and
	{Stassun}, K.~G. and {Sullivan}, P. and {Szentgyorgyi}, A. and
	{Torres}, G. and {Udry}, S. and {Villasenor}, J.},
    title = "{Transiting Exoplanet Survey Satellite (TESS)}",
booktitle = {Space Telescopes and Instrumentation 2014: Optical, Infrared, and Millimeter Wave},
     year = 2014,
   series = {procspie},
   volume = 9143,
archivePrefix = "arXiv",
   eprint = {1406.0151},
 primaryClass = "astro-ph.EP",
    month = aug,
      eid = {914320},
    pages = {914320},
      doi = {10.1117/12.2063489},
   adsurl = {http://adsabs.harvard.edu/abs/2014SPIE.9143E..20R},
  adsnote = {Provided by the SAO/NASA Astrophysics Data System}
}


@ARTICLE{2014ExA....38..249R,
   author = {{Rauer}, H. and {Catala}, C. and {Aerts}, C. and {Appourchaux}, T. and
	{Benz}, W. and {Brandeker}, A. and {Christensen-Dalsgaard}, J. and
	{Deleuil}, M. and {Gizon}, L. and {Goupil}, M.-J. and {G{\"u}del}, M. and
	{Janot-Pacheco}, E. and {Mas-Hesse}, M. and {Pagano}, I. and
	{Piotto}, G. and {Pollacco}, D. and {Santos}, {\.C}. and {Smith}, A. and
	{Su{\'a}rez}, J.-C. and {Szab{\'o}}, R. and {Udry}, S. and {Adibekyan}, V. and
	{Alibert}, Y. and {Almenara}, J.-M. and {Amaro-Seoane}, P. and
	{Eiff}, M.~A.-v. and {Asplund}, M. and {Antonello}, E. and {Barnes}, S. and
	{Baudin}, F. and {Belkacem}, K. and {Bergemann}, M. and {Bihain}, G. and
	{Birch}, A.~C. and {Bonfils}, X. and {Boisse}, I. and {Bonomo}, A.~S. and
	{Borsa}, F. and {Brand{\~a}o}, I.~M. and {Brocato}, E. and {Brun}, S. and
	{Burleigh}, M. and {Burston}, R. and {Cabrera}, J. and {Cassisi}, S. and
	{Chaplin}, W. and {Charpinet}, S. and {Chiappini}, C. and {Church}, R.~P. and
	{Csizmadia}, S. and {Cunha}, M. and {Damasso}, M. and {Davies}, M.~B. and
	{Deeg}, H.~J. and {D{\'{\i}}az}, R.~F. and {Dreizler}, S. and
	{Dreyer}, C. and {Eggenberger}, P. and {Ehrenreich}, D. and
	{Eigm{\"u}ller}, P. and {Erikson}, A. and {Farmer}, R. and {Feltzing}, S. and
	{de Oliveira Fialho}, F. and {Figueira}, P. and {Forveille}, T. and
	{Fridlund}, M. and {Garc{\'{\i}}a}, R.~A. and {Giommi}, P. and
	{Giuffrida}, G. and {Godolt}, M. and {Gomes da Silva}, J. and
	{Granzer}, T. and {Grenfell}, J.~L. and {Grotsch-Noels}, A. and
	{G{\"u}nther}, E. and {Haswell}, C.~A. and {Hatzes}, A.~P. and
	{H{\'e}brard}, G. and {Hekker}, S. and {Helled}, R. and {Heng}, K. and
	{Jenkins}, J.~M. and {Johansen}, A. and {Khodachenko}, M.~L. and
	{Kislyakova}, K.~G. and {Kley}, W. and {Kolb}, U. and {Krivova}, N. and
	{Kupka}, F. and {Lammer}, H. and {Lanza}, A.~F. and {Lebreton}, Y. and
	{Magrin}, D. and {Marcos-Arenal}, P. and {Marrese}, P.~M. and
	{Marques}, J.~P. and {Martins}, J. and {Mathis}, S. and {Mathur}, S. and
	{Messina}, S. and {Miglio}, A. and {Montalban}, J. and {Montalto}, M. and
	{Monteiro}, M.~J.~P.~F.~G. and {Moradi}, H. and {Moravveji}, E. and
	{Mordasini}, C. and {Morel}, T. and {Mortier}, A. and {Nascimbeni}, V. and
	{Nelson}, R.~P. and {Nielsen}, M.~B. and {Noack}, L. and {Norton}, A.~J. and
	{Ofir}, A. and {Oshagh}, M. and {Ouazzani}, R.-M. and {P{\'a}pics}, P. and
	{Parro}, V.~C. and {Petit}, P. and {Plez}, B. and {Poretti}, E. and
	{Quirrenbach}, A. and {Ragazzoni}, R. and {Raimondo}, G. and
	{Rainer}, M. and {Reese}, D.~R. and {Redmer}, R. and {Reffert}, S. and
	{Rojas-Ayala}, B. and {Roxburgh}, I.~W. and {Salmon}, S. and
	{Santerne}, A. and {Schneider}, J. and {Schou}, J. and {Schuh}, S. and
	{Schunker}, H. and {Silva-Valio}, A. and {Silvotti}, R. and
	{Skillen}, I. and {Snellen}, I. and {Sohl}, F. and {Sousa}, S.~G. and
	{Sozzetti}, A. and {Stello}, D. and {Strassmeier}, K.~G. and
	{{v S}vanda}, M. and {Szab}, G.~M. and {Tkachenko}, A. and
	{Valencia}, D. and {Van Grootel}, V. and {Vauclair}, S.~D. and
	{Ventura}, P. and {Wagner}, F.~W. and {Walton}, N.~A. and {Weingrill}, J. and
	{Werner}, S.~C. and {Wheatley}, P.~J. and {Zwintz}, K.},
    title = "{The PLATO 2.0 mission}",
  journal = {Experimental Astronomy},
archivePrefix = "arXiv",
   eprint = {1310.0696},
 primaryClass = "astro-ph.EP",
 keywords = {Exoplanets, Asteroseismology, Transit survey, Stellar science, Exoplanetary science},
     year = 2014,
    month = nov,
   volume = 38,
    pages = {249-330},
      doi = {10.1007/s10686-014-9383-4},
   adsurl = {http://adsabs.harvard.edu/abs/2014ExA....38..249R},
  adsnote = {Provided by the SAO/NASA Astrophysics Data System}
}

@ARTICLE{2015ApJ...800...99T,
   author = {{Torres}, G. and {Kipping}, D.~M. and {Fressin}, F. and {Caldwell}, D.~A. and
	{Twicken}, J.~D. and {Ballard}, S. and {Batalha}, N.~M. and
	{Bryson}, S.~T. and {Ciardi}, D.~R. and {Henze}, C.~E. and {Howell}, S.~B. and
	{Isaacson}, H.~T. and {Jenkins}, J.~M. and {Muirhead}, P.~S. and
	{Newton}, E.~R. and {Petigura}, E.~A. and {Barclay}, T. and
	{Borucki}, W.~J. and {Crepp}, J.~R. and {Everett}, M.~E. and
	{Horch}, E.~P. and {Howard}, A.~W. and {Kolbl}, R. and {Marcy}, G.~W. and
	{McCauliff}, S. and {Quintana}, E.~V.},
    title = "{Validation of 12 Small Kepler Transiting Planets in the Habitable Zone}",
  journal = {apj},
archivePrefix = "arXiv",
   eprint = {1501.01101},
 primaryClass = "astro-ph.EP",
 keywords = {methods: statistical, planetary systems, stars: individual: KOI-3284 (Kepler-438) KOI-4742 (Kepler-442), techniques: photometric},
     year = 2015,
    month = feb,
   volume = 800,
      eid = {99},
    pages = {99},
      doi = {10.1088/0004-637X/800/2/99},
   adsurl = {http://adsabs.harvard.edu/abs/2015ApJ...800...99T},
  adsnote = {Provided by the SAO/NASA Astrophysics Data System}
}

@ARTICLE{2015ApJ...806....6M,
   author = {{McCauliff}, S.~D. and {Jenkins}, J.~M. and {Catanzarite}, J. and
	{Burke}, C.~J. and {Coughlin}, J.~L. and {Twicken}, J.~D. and
	{Tenenbaum}, P. and {Seader}, S. and {Li}, J. and {Cote}, M.},
    title = "{Automatic Classification of Kepler Planetary Transit Candidates}",
  journal = {apj},
archivePrefix = "arXiv",
   eprint = {1408.1496},
 primaryClass = "astro-ph.IM",
 keywords = {astronomical databases: miscellaneous, binaries: eclipsing, catalogs, methods: statistical, planets and satellites: detection, techniques: photometric},
     year = 2015,
    month = jun,
   volume = 806,
      eid = {6},
    pages = {6},
      doi = {10.1088/0004-637X/806/1/6},
   adsurl = {http://adsabs.harvard.edu/abs/2015ApJ...806....6M},
  adsnote = {Provided by the SAO/NASA Astrophysics Data System}
}

@article {Borucki977,
	author = {Borucki, William J. and Koch, David and Basri, Gibor and Batalha, Natalie and Brown, Timothy and Caldwell, Douglas and Caldwell, John and Christensen-Dalsgaard, J{\o}rgen and Cochran, William D. and DeVore, Edna and Dunham, Edward W. and Dupree, Andrea K. and Gautier, Thomas N. and Geary, John C. and Gilliland, Ronald and Gould, Alan and Howell, Steve B. and Jenkins, Jon M. and Kondo, Yoji and Latham, David W. and Marcy, Geoffrey W. and Meibom, S{\o}ren and Kjeldsen, Hans and Lissauer, Jack J. and Monet, David G. and Morrison, David and Sasselov, Dimitar and Tarter, Jill and Boss, Alan and Brownlee, Don and Owen, Toby and Buzasi, Derek and Charbonneau, David and Doyle, Laurance and Fortney, Jonathan and Ford, Eric B. and Holman, Matthew J. and Seager, Sara and Steffen, Jason H. and Welsh, William F. and Rowe, Jason and Anderson, Howard and Buchhave, Lars and Ciardi, David and Walkowicz, Lucianne and Sherry, William and Horch, Elliott and Isaacson, Howard and Everett, Mark E. and Fischer, Debra and Torres, Guillermo and Johnson, John Asher and Endl, Michael and MacQueen, Phillip and Bryson, Stephen T. and Dotson, Jessie and Haas, Michael and Kolodziejczak, Jeffrey and Van Cleve, Jeffrey and Chandrasekaran, Hema and Twicken, Joseph D. and Quintana, Elisa V. and Clarke, Bruce D. and Allen, Christopher and Li, Jie and Wu, Haley and Tenenbaum, Peter and Verner, Ekaterina and Bruhweiler, Frederick and Barnes, Jason and Prsa, Andrej},
	title = {Kepler Planet-Detection Mission: Introduction and First Results},
	volume = {327},
	number = {5968},
	pages = {977--980},
	year = {2010},
	doi = {10.1126/science.1185402},
	publisher = {American Association for the Advancement of Science},
	abstract = {The Kepler mission was designed to determine the frequency of Earth-sized planets in and near the habitable zone of Sun-like stars. The habitable zone is the region where planetary temperatures are suitable for water to exist on a planet{\textquoteright}s surface. During the first 6 weeks of observations, Kepler monitored 156,000 stars, and five new exoplanets with sizes between 0.37 and 1.6 Jupiter radii and orbital periods from 3.2 to 4.9 days were discovered. The density of the Neptune-sized Kepler-4b is similar to that of Neptune and GJ 436b, even though the irradiation level is 800,000 times higher. Kepler-7b is one of the lowest-density planets (~0.17 gram per cubic centimeter) yet detected. Kepler-5b, -6b, and -8b confirm the existence of planets with densities lower than those predicted for gas giant planets.},
	issn = {0036-8075},
	URL = {http://science.sciencemag.org/content/327/5968/977},
	eprint = {http://science.sciencemag.org/content/327/5968/977.full.pdf},
	journal = {Science}
}

@ARTICLE{2010ApJ...713L..79K,
   author = {{Koch}, D.~G. and {al}, et},
    title = "{Kepler Mission Design, Realized Photometric Performance, and Early Science}",
  journal = {apjl},
archivePrefix = "arXiv",
   eprint = {1001.0268},
 primaryClass = "astro-ph.EP",
 keywords = {instrumentation: photometers, planetary systems, space vehicles: instruments, stars: statistics, stars: variables: general, techniques: photometric},
     year = 2010,
    month = apr,
   volume = 713,
      eid = {L79-L86},
    pages = {L79-L86},
      doi = {10.1088/2041-8205/713/2/L79},
   adsurl = {http://adsabs.harvard.edu/abs/2010ApJ...713L..79K},
  adsnote = {Provided by the SAO/NASA Astrophysics Data System}
}

@ARTICLE{2012PASP..124.1000S,
   author = {{Smith}, J.~C. and {Stumpe}, M.~C. and {Van Cleve}, J.~E. and
	{Jenkins}, J.~M. and {Barclay}, T.~S. and {Fanelli}, M.~N. and
	{Girouard}, F.~R. and {Kolodziejczak}, J.~J. and {McCauliff}, S.~D. and
	{Morris}, R.~L. and {Twicken}, J.~D.},
    title = "{Kepler Presearch Data Conditioning II - A Bayesian Approach to Systematic Error Correction}",
  journal = {pasp},
archivePrefix = "arXiv",
   eprint = {1203.1383},
 primaryClass = "astro-ph.IM",
     year = 2012,
    month = sep,
   volume = 124,
    pages = {1000-1014},
      doi = {10.1086/667697},
   adsurl = {http://adsabs.harvard.edu/abs/2012PASP..124.1000S},
  adsnote = {Provided by the SAO/NASA Astrophysics Data System}
}

@ARTICLE{2010ApJ...713L..87J,
   author = {{Jenkins}, J.~M. and {Caldwell}, D.~A. and {Chandrasekaran}, H. and
	{Twicken}, J.~D. and {Bryson}, S.~T. and {Quintana}, E.~V. and
	{Clarke}, B.~D. and {Li}, J. and {Allen}, C. and {Tenenbaum}, P. and
	{Wu}, H. and {Klaus}, T.~C. and {Middour}, C.~K. and {Cote}, M.~T. and
	{McCauliff}, S. and {Girouard}, F.~R. and {Gunter}, J.~P. and
	{Wohler}, B. and {Sommers}, J. and {Hall}, J.~R. and {Uddin}, A.~K. and
	{Wu}, M.~S. and {Bhavsar}, P.~A. and {Van Cleve}, J. and {Pletcher}, D.~L. and
	{Dotson}, J.~A. and {Haas}, M.~R. and {Gilliland}, R.~L. and
	{Koch}, D.~G. and {Borucki}, W.~J.},
    title = "{Overview of the Kepler Science Processing Pipeline}",
  journal = {\apjl},
archivePrefix = "arXiv",
   eprint = {1001.0258},
 primaryClass = "astro-ph.EP",
 keywords = {methods: data analysis, techniques: photometric},
     year = 2010,
    month = apr,
   volume = 713,
    pages = {L87-L91},
      doi = {10.1088/2041-8205/713/2/L87},
   adsurl = {http://adsabs.harvard.edu/abs/2010ApJ...713L..87J},
  adsnote = {Provided by the SAO/NASA Astrophysics Data System}
}

@ARTICLE{2002ApJ...580L.171M,
   author = {{Mandel}, K. and {Agol}, E.},
    title = "{Analytic Light Curves for Planetary Transit Searches}",
  journal = {apjl},
   eprint = {astro-ph/0210099},
 keywords = {Stars: Binaries: Eclipsing, Eclipses, Occultations, Stars: Planetary Systems},
     year = 2002,
    month = dec,
   volume = 580,
    pages = {L171-L175},
      doi = {10.1086/345520},
   adsurl = {http://adsabs.harvard.edu/abs/2002ApJ...580L.171M},
  adsnote = {Provided by the SAO/NASA Astrophysics Data System}
}

@ARTICLE{2011yCat..35290075C,
   author = {{Claret}, A. and {Bloemen}, S.},
    title = "{VizieR Online Data Catalog: Limb-darkening coefficients (Claret+, 2011)}",
  journal = {VizieR Online Data Catalog},
 keywords = {Models: atmosphere, Photometry: infrared, Photometry: SDSS, Photometry: uvby, Photometry: UBVRI},
     year = 2011,
    month = mar,
   volume = 352,
   adsurl = {http://adsabs.harvard.edu/abs/2011yCat..35290075C},
  adsnote = {Provided by the SAO/NASA Astrophysics Data System}
}

@inproceedings{hamey1991benchmarking,
  title={Benchmarking feed-forward neural networks: models and measures},
  author={Hamey, Leonard GC},
  booktitle={NIPS},
  pages={1167--1174},
  year={1991},
  organization={Citeseer}
}

@ARTICLE{2011MNRAS.414.2602D,
   author = {{Dubath}, P. and {Rimoldini}, L. and {S{\"u}veges}, M. and {Blomme}, J. and
  {L{\'o}pez}, M. and {Sarro}, L.~M. and {De Ridder}, J. and {Cuypers}, J. and
  {Guy}, L. and {Lecoeur}, I. and {Nienartowicz}, K. and {Jan}, A. and
  {Beck}, M. and {Mowlavi}, N. and {De Cat}, P. and {Lebzelter}, T. and
  {Eyer}, L.},
    title = "{Random forest automated supervised classification of Hipparcos periodic variable stars}",
  journal = {mnras},
archivePrefix = "arXiv",
   eprint = {1101.2406},
 primaryClass = "astro-ph.SR",
 keywords = {methods: data analysis, methods: statistical, techniques: photometric, catalogues, stars: variables: general},
     year = 2011,
    month = jul,
   volume = 414,
    pages = {2602-2617},
      doi = {10.1111/j.1365-2966.2011.18575.x},
   adsurl = {http://adsabs.harvard.edu/abs/2011MNRAS.414.2602D},
  adsnote = {Provided by the SAO/NASA Astrophysics Data System}
}

@book{feigelson2012,
title = "Modern Statistical Methods for Astronomy: With R Applications",
author = "Eric D. Feigelson and G. Jogesh Babu",
year = "2012",
month = "007",
day = "007",
doi = "10.1017/CBO9781139015653",
abstract = "Modern astronomical research is beset with a vast range of statistical challenges, ranging from reducing data from megadatasets to characterizing an amazing variety of variable celestial objects or testing astrophysical theory. Linking astronomy to the world of modern statistics, this volume is a unique resource, introducing astronomers to advanced statistics through ready-to-use code in the public domain R statistical software environment. The book presents fundamental results of probability theory and statistical inference, before exploring several fields of applied statistics, such as data smoothing, regression, multivariate analysis and classification, treatment of nondetections, time series analysis, and spatial point processes. It applies the methods discussed to contemporary astronomical research datasets using the R statistical software, making it invaluable for graduate students and researchers facing complex data analysis tasks. A link to the author's website for this book ca" # "n be found at www.cambridge.org/msma. Material available on their website includes datasets, R code and errata.",
publisher = "Cambridge University Press",
url = "https://www.cambridge.org/core/books/modern-statistical-methods-for-astronomy/941AE392A553D68DD7B02491BB66DDEC",
isbn = "9781139015653",
address = "Cambridge"
}
